%YAML 1.1
%TAG !u! tag:unity3d.com,2011:
--- !u!1 &1159303336427949466
GameObject:
  m_ObjectHideFlags: 0
  m_CorrespondingSourceObject: {fileID: 0}
  m_PrefabInstance: {fileID: 0}
  m_PrefabAsset: {fileID: 0}
  serializedVersion: 6
  m_Component:
  - component: {fileID: 1159303336427949471}
  - component: {fileID: 1159303336427949468}
  - component: {fileID: 1159303336427949469}
  m_Layer: 0
  m_Name: WaterSkipper
  m_TagString: Untagged
  m_Icon: {fileID: 0}
  m_NavMeshLayer: 0
  m_StaticEditorFlags: 0
  m_IsActive: 1
--- !u!4 &1159303336427949471
Transform:
  m_ObjectHideFlags: 0
  m_CorrespondingSourceObject: {fileID: 0}
  m_PrefabInstance: {fileID: 0}
  m_PrefabAsset: {fileID: 0}
  m_GameObject: {fileID: 1159303336427949466}
  m_LocalRotation: {x: 0, y: 0, z: 0, w: 1}
  m_LocalPosition: {x: 0, y: 0, z: 0}
  m_LocalScale: {x: 1, y: 1, z: 1}
  m_Children:
  - {fileID: 8262693435423344798}
  - {fileID: 1208618260462740313}
  - {fileID: 5107097203332299644}
  - {fileID: 1774754056051896134}
  m_Father: {fileID: 0}
  m_RootOrder: 0
  m_LocalEulerAnglesHint: {x: 0, y: 0, z: 0}
--- !u!114 &1159303336427949468
MonoBehaviour:
  m_ObjectHideFlags: 0
  m_CorrespondingSourceObject: {fileID: 0}
  m_PrefabInstance: {fileID: 0}
  m_PrefabAsset: {fileID: 0}
  m_GameObject: {fileID: 1159303336427949466}
  m_Enabled: 1
  m_EditorHideFlags: 0
  m_Script: {fileID: 11500000, guid: 1a036033e9130704c8f4fe43a54c405d, type: 3}
  m_Name: 
  m_EditorClassIdentifier: 
  SkipDistance: 1500
--- !u!65 &1159303336427949469
BoxCollider:
  m_ObjectHideFlags: 0
  m_CorrespondingSourceObject: {fileID: 0}
  m_PrefabInstance: {fileID: 0}
  m_PrefabAsset: {fileID: 0}
  m_GameObject: {fileID: 1159303336427949466}
  m_Material: {fileID: 0}
  m_IsTrigger: 1
  m_Enabled: 1
  serializedVersion: 2
  m_Size: {x: 246.59, y: 103.12, z: 10}
  m_Center: {x: 0, y: 0, z: 400}
--- !u!1 &1985541300939586019
GameObject:
  m_ObjectHideFlags: 0
  m_CorrespondingSourceObject: {fileID: 0}
  m_PrefabInstance: {fileID: 0}
  m_PrefabAsset: {fileID: 0}
  serializedVersion: 6
  m_Component:
  - component: {fileID: 1208618260462740313}
  - component: {fileID: 2840087406003203324}
  - component: {fileID: 40236882225879094}
  m_Layer: 0
  m_Name: dune
  m_TagString: Untagged
  m_Icon: {fileID: 0}
  m_NavMeshLayer: 0
  m_StaticEditorFlags: 0
  m_IsActive: 1
--- !u!4 &1208618260462740313
Transform:
  m_ObjectHideFlags: 0
  m_CorrespondingSourceObject: {fileID: 0}
  m_PrefabInstance: {fileID: 0}
  m_PrefabAsset: {fileID: 0}
  m_GameObject: {fileID: 1985541300939586019}
  m_LocalRotation: {x: -0.7071068, y: -0, z: -0, w: 0.7071067}
  m_LocalPosition: {x: -299, y: 16.5, z: 0}
  m_LocalScale: {x: 25000, y: 25000, z: 25000}
  m_Children: []
  m_Father: {fileID: 1159303336427949471}
  m_RootOrder: 1
  m_LocalEulerAnglesHint: {x: 0, y: 0, z: 0}
--- !u!33 &2840087406003203324
MeshFilter:
  m_ObjectHideFlags: 0
  m_CorrespondingSourceObject: {fileID: 0}
  m_PrefabInstance: {fileID: 0}
  m_PrefabAsset: {fileID: 0}
  m_GameObject: {fileID: 1985541300939586019}
  m_Mesh: {fileID: -462981019419857548, guid: ec1af2fa24598cf48badd1bec47eca95, type: 3}
--- !u!23 &40236882225879094
MeshRenderer:
  m_ObjectHideFlags: 0
  m_CorrespondingSourceObject: {fileID: 0}
  m_PrefabInstance: {fileID: 0}
  m_PrefabAsset: {fileID: 0}
  m_GameObject: {fileID: 1985541300939586019}
  m_Enabled: 1
  m_CastShadows: 1
  m_ReceiveShadows: 1
  m_DynamicOccludee: 1
  m_MotionVectors: 1
  m_LightProbeUsage: 1
  m_ReflectionProbeUsage: 1
  m_RayTracingMode: 2
  m_RayTraceProcedural: 0
  m_RenderingLayerMask: 1
  m_RendererPriority: 0
  m_Materials:
  - {fileID: 2100000, guid: ab8c175819dc1464e99cdc475f224ccc, type: 2}
  m_StaticBatchInfo:
    firstSubMesh: 0
    subMeshCount: 0
  m_StaticBatchRoot: {fileID: 0}
  m_ProbeAnchor: {fileID: 0}
  m_LightProbeVolumeOverride: {fileID: 0}
  m_ScaleInLightmap: 1
  m_ReceiveGI: 1
  m_PreserveUVs: 0
  m_IgnoreNormalsForChartDetection: 0
  m_ImportantGI: 0
  m_StitchLightmapSeams: 1
  m_SelectedEditorRenderState: 3
  m_MinimumChartSize: 4
  m_AutoUVMaxDistance: 0.5
  m_AutoUVMaxAngle: 89
  m_LightmapParameters: {fileID: 0}
  m_SortingLayerID: 0
  m_SortingLayer: 0
  m_SortingOrder: 0
  m_AdditionalVertexStreams: {fileID: 0}
--- !u!1 &4619709239246358464
GameObject:
  m_ObjectHideFlags: 0
  m_CorrespondingSourceObject: {fileID: 0}
  m_PrefabInstance: {fileID: 0}
  m_PrefabAsset: {fileID: 0}
  serializedVersion: 6
  m_Component:
  - component: {fileID: 5107097203332299644}
  - component: {fileID: 3076864229342266791}
  - component: {fileID: 3658348116371441093}
  m_Layer: 0
  m_Name: dune (1)
  m_TagString: Untagged
  m_Icon: {fileID: 0}
  m_NavMeshLayer: 0
  m_StaticEditorFlags: 0
  m_IsActive: 1
--- !u!4 &5107097203332299644
Transform:
  m_ObjectHideFlags: 0
  m_CorrespondingSourceObject: {fileID: 0}
  m_PrefabInstance: {fileID: 0}
  m_PrefabAsset: {fileID: 0}
  m_GameObject: {fileID: 4619709239246358464}
  m_LocalRotation: {x: 0, y: 0.7072302, z: 0.7069834, w: 0}
  m_LocalPosition: {x: 299, y: 16.5, z: 0}
  m_LocalScale: {x: 25000, y: 25000, z: 25000}
  m_Children: []
  m_Father: {fileID: 1159303336427949471}
  m_RootOrder: 2
  m_LocalEulerAnglesHint: {x: -89.98, y: 180, z: 0}
--- !u!33 &3076864229342266791
MeshFilter:
  m_ObjectHideFlags: 0
  m_CorrespondingSourceObject: {fileID: 0}
  m_PrefabInstance: {fileID: 0}
  m_PrefabAsset: {fileID: 0}
  m_GameObject: {fileID: 4619709239246358464}
  m_Mesh: {fileID: -462981019419857548, guid: ec1af2fa24598cf48badd1bec47eca95, type: 3}
--- !u!23 &3658348116371441093
MeshRenderer:
  m_ObjectHideFlags: 0
  m_CorrespondingSourceObject: {fileID: 0}
  m_PrefabInstance: {fileID: 0}
  m_PrefabAsset: {fileID: 0}
  m_GameObject: {fileID: 4619709239246358464}
  m_Enabled: 1
  m_CastShadows: 1
  m_ReceiveShadows: 1
  m_DynamicOccludee: 1
  m_MotionVectors: 1
  m_LightProbeUsage: 1
  m_ReflectionProbeUsage: 1
  m_RayTracingMode: 2
  m_RayTraceProcedural: 0
  m_RenderingLayerMask: 1
  m_RendererPriority: 0
  m_Materials:
  - {fileID: 2100000, guid: ab8c175819dc1464e99cdc475f224ccc, type: 2}
  m_StaticBatchInfo:
    firstSubMesh: 0
    subMeshCount: 0
  m_StaticBatchRoot: {fileID: 0}
  m_ProbeAnchor: {fileID: 0}
  m_LightProbeVolumeOverride: {fileID: 0}
  m_ScaleInLightmap: 1
  m_ReceiveGI: 1
  m_PreserveUVs: 0
  m_IgnoreNormalsForChartDetection: 0
  m_ImportantGI: 0
  m_StitchLightmapSeams: 1
  m_SelectedEditorRenderState: 3
  m_MinimumChartSize: 4
  m_AutoUVMaxDistance: 0.5
  m_AutoUVMaxAngle: 89
  m_LightmapParameters: {fileID: 0}
  m_SortingLayerID: 0
  m_SortingLayer: 0
  m_SortingOrder: 0
  m_AdditionalVertexStreams: {fileID: 0}
--- !u!1001 &1159303336857825846
PrefabInstance:
  m_ObjectHideFlags: 0
  serializedVersion: 2
  m_Modification:
    m_TransformParent: {fileID: 1159303336427949471}
    m_Modifications:
    - target: {fileID: 7114658100825143976, guid: 46c8e2379a272384e880cbbfb7fab529, type: 3}
      propertyPath: m_RootOrder
      value: 0
      objectReference: {fileID: 0}
    - target: {fileID: 7114658100825143976, guid: 46c8e2379a272384e880cbbfb7fab529, type: 3}
      propertyPath: m_LocalPosition.x
      value: 0
      objectReference: {fileID: 0}
    - target: {fileID: 7114658100825143976, guid: 46c8e2379a272384e880cbbfb7fab529, type: 3}
      propertyPath: m_LocalPosition.y
      value: 0
      objectReference: {fileID: 0}
    - target: {fileID: 7114658100825143976, guid: 46c8e2379a272384e880cbbfb7fab529, type: 3}
      propertyPath: m_LocalPosition.z
      value: 0
      objectReference: {fileID: 0}
    - target: {fileID: 7114658100825143976, guid: 46c8e2379a272384e880cbbfb7fab529, type: 3}
      propertyPath: m_LocalRotation.w
      value: 1
      objectReference: {fileID: 0}
    - target: {fileID: 7114658100825143976, guid: 46c8e2379a272384e880cbbfb7fab529, type: 3}
      propertyPath: m_LocalRotation.x
      value: -0
      objectReference: {fileID: 0}
    - target: {fileID: 7114658100825143976, guid: 46c8e2379a272384e880cbbfb7fab529, type: 3}
      propertyPath: m_LocalRotation.y
      value: -0
      objectReference: {fileID: 0}
    - target: {fileID: 7114658100825143976, guid: 46c8e2379a272384e880cbbfb7fab529, type: 3}
      propertyPath: m_LocalRotation.z
      value: -0
      objectReference: {fileID: 0}
    - target: {fileID: 7114658100825143976, guid: 46c8e2379a272384e880cbbfb7fab529, type: 3}
      propertyPath: m_LocalEulerAnglesHint.x
      value: 0
      objectReference: {fileID: 0}
    - target: {fileID: 7114658100825143976, guid: 46c8e2379a272384e880cbbfb7fab529, type: 3}
      propertyPath: m_LocalEulerAnglesHint.y
      value: 0
      objectReference: {fileID: 0}
    - target: {fileID: 7114658100825143976, guid: 46c8e2379a272384e880cbbfb7fab529, type: 3}
      propertyPath: m_LocalEulerAnglesHint.z
      value: 0
      objectReference: {fileID: 0}
    - target: {fileID: 7114658100825143980, guid: 46c8e2379a272384e880cbbfb7fab529, type: 3}
      propertyPath: m_Name
      value: Water (1)
      objectReference: {fileID: 0}
    m_RemovedComponents: []
  m_SourcePrefab: {fileID: 100100000, guid: 46c8e2379a272384e880cbbfb7fab529, type: 3}
--- !u!4 &8262693435423344798 stripped
Transform:
  m_CorrespondingSourceObject: {fileID: 7114658100825143976, guid: 46c8e2379a272384e880cbbfb7fab529, type: 3}
  m_PrefabInstance: {fileID: 1159303336857825846}
  m_PrefabAsset: {fileID: 0}
--- !u!1001 &8799302160780203502
PrefabInstance:
  m_ObjectHideFlags: 0
  serializedVersion: 2
  m_Modification:
    m_TransformParent: {fileID: 1159303336427949471}
    m_Modifications:
    - target: {fileID: 7114658100825143976, guid: 46c8e2379a272384e880cbbfb7fab529, type: 3}
      propertyPath: m_RootOrder
      value: 3
      objectReference: {fileID: 0}
    - target: {fileID: 7114658100825143976, guid: 46c8e2379a272384e880cbbfb7fab529, type: 3}
      propertyPath: m_LocalPosition.x
      value: 0
      objectReference: {fileID: 0}
    - target: {fileID: 7114658100825143976, guid: 46c8e2379a272384e880cbbfb7fab529, type: 3}
      propertyPath: m_LocalPosition.y
      value: -1
      objectReference: {fileID: 0}
    - target: {fileID: 7114658100825143976, guid: 46c8e2379a272384e880cbbfb7fab529, type: 3}
      propertyPath: m_LocalPosition.z
      value: 250
      objectReference: {fileID: 0}
    - target: {fileID: 7114658100825143976, guid: 46c8e2379a272384e880cbbfb7fab529, type: 3}
      propertyPath: m_LocalRotation.w
      value: 1
      objectReference: {fileID: 0}
    - target: {fileID: 7114658100825143976, guid: 46c8e2379a272384e880cbbfb7fab529, type: 3}
      propertyPath: m_LocalRotation.x
      value: -0
      objectReference: {fileID: 0}
    - target: {fileID: 7114658100825143976, guid: 46c8e2379a272384e880cbbfb7fab529, type: 3}
      propertyPath: m_LocalRotation.y
      value: -0
      objectReference: {fileID: 0}
    - target: {fileID: 7114658100825143976, guid: 46c8e2379a272384e880cbbfb7fab529, type: 3}
      propertyPath: m_LocalRotation.z
      value: -0
      objectReference: {fileID: 0}
    - target: {fileID: 7114658100825143976, guid: 46c8e2379a272384e880cbbfb7fab529, type: 3}
      propertyPath: m_LocalEulerAnglesHint.x
      value: 0
      objectReference: {fileID: 0}
    - target: {fileID: 7114658100825143976, guid: 46c8e2379a272384e880cbbfb7fab529, type: 3}
      propertyPath: m_LocalEulerAnglesHint.y
      value: 0
      objectReference: {fileID: 0}
    - target: {fileID: 7114658100825143976, guid: 46c8e2379a272384e880cbbfb7fab529, type: 3}
      propertyPath: m_LocalEulerAnglesHint.z
      value: 0
      objectReference: {fileID: 0}
    - target: {fileID: 7114658100825143980, guid: 46c8e2379a272384e880cbbfb7fab529, type: 3}
      propertyPath: m_Name
      value: GapFill
      objectReference: {fileID: 0}
    m_RemovedComponents: []
  m_SourcePrefab: {fileID: 100100000, guid: 46c8e2379a272384e880cbbfb7fab529, type: 3}
--- !u!4 &1774754056051896134 stripped
Transform:
  m_CorrespondingSourceObject: {fileID: 7114658100825143976, guid: 46c8e2379a272384e880cbbfb7fab529, type: 3}
  m_PrefabInstance: {fileID: 8799302160780203502}
  m_PrefabAsset: {fileID: 0}
